<?xml version="1.0" encoding="UTF-8"?><collection xmlns="http://www.loc.gov/MARC21/slim"><record><leader>00339nam--2200121-i-4500</leader><controlfield tag="001">000005173</controlfield><controlfield tag="002">20161230</controlfield><controlfield tag="005">20161230201026</controlfield><controlfield tag="008">060222s1000------------r-----000-0-eng-d</controlfield><datafield ind1=" " ind2=" " tag="100"><subfield code="a">Dean, J.A., Willard, H.H. And Merritt, L.L</subfield></datafield><datafield ind1=" " ind2=" " tag="245"><subfield code="a">Instrumental methods of analysis</subfield></datafield><datafield ind1=" " ind2=" " tag="260"><subfield code="a">Princeton, D.Van Nostrand, 1958. Vi + 626 P</subfield></datafield><datafield ind1=" " ind2=" " tag="852"><subfield code="a">14282</subfield></datafield></record></collection>